@misc{udg_arl4_8,
  author       = "{Universitat de Girona}",
  title        = "{Agentes Research Lab, Tema 4.8}",
  year         = "1999",
  url          = "http://eia.udg.es/~iitap/monografia/esp/arl4_8.html"
}

@book{durkin1994,
   title =     {Expert Systems: Design and Development},
   author =    {John Durkin},
   publisher = {Macmillan Coll Div},
   isbn =      {0023309709; 9780023309700},
   year =      {1994},
   edition =   {1},
   url =       {libgen.li/file.php?md5=b8bc0595103ca3157e89dcfea673c853}
}

@book{shortliffe1984,
    author = {Buchanan, Bruce and Shortliffe, Edward},
    year = {1984},
    month = {01},
    title = {Rule-based Expert System â€“ The MYCIN Experiments of the Stanford Heuristic Programming Project},
    journal = {SERBIULA (sistema Librum 2.0)}
}

@book{negnevitsky2005,
	title =     {Artificial Intelligence: A Guide to Intelligent Systems (3rd Edition)},
	author =    {Michael Negnevitsky},
	publisher = {Addison Wesley},
	isbn =      {1408225743,9781408225745},
	year =      {2011},
	series =    {},
	edition =   {3},
	volume =    {},
	url =       {http://gen.lib.rus.ec/book/index.php?md5=56D6B91D4EB191001F0EF3E96A1B8EAE}
}
